[gd_scene load_steps=12 format=3 uid="uid://uhvvxr86h8g"]

[ext_resource type="Texture2D" uid="uid://cfkqyhfxg6q4u" path="res://player-token.png" id="1_awsrj"]
[ext_resource type="Script" path="res://player.gd" id="1_hilj5"]
[ext_resource type="Texture2D" uid="uid://csxkjweutdfa2" path="res://player-arrow-red.png" id="2_fcc5m"]
[ext_resource type="Texture2D" uid="uid://1vwyjeqkyejt" path="res://player-arrow-green.png" id="3_56mj2"]

[sub_resource type="CapsuleShape3D" id="CapsuleShape3D_vk5g7"]
radius = 0.225886
height = 1.8

[sub_resource type="StandardMaterial3D" id="StandardMaterial3D_o8sm8"]
transparency = 2
alpha_scissor_threshold = 0.5
alpha_antialiasing_mode = 0
albedo_texture = ExtResource("1_awsrj")

[sub_resource type="PlaneMesh" id="PlaneMesh_fj0w1"]
lightmap_size_hint = Vector2i(5, 5)
material = SubResource("StandardMaterial3D_o8sm8")
add_uv2 = true
size = Vector2(0.6, 0.6)

[sub_resource type="StandardMaterial3D" id="StandardMaterial3D_h3c68"]
transparency = 1
albedo_texture = ExtResource("2_fcc5m")

[sub_resource type="PlaneMesh" id="PlaneMesh_db5lx"]
lightmap_size_hint = Vector2i(7, 3)
material = SubResource("StandardMaterial3D_h3c68")
add_uv2 = true
size = Vector2(1.025, 0.33)

[sub_resource type="StandardMaterial3D" id="StandardMaterial3D_hh830"]
transparency = 1
albedo_texture = ExtResource("3_56mj2")

[sub_resource type="PlaneMesh" id="PlaneMesh_dbvcs"]
lightmap_size_hint = Vector2i(7, 3)
material = SubResource("StandardMaterial3D_hh830")
add_uv2 = true
size = Vector2(1.005, 0.33)

[node name="Player" type="CharacterBody3D"]
script = ExtResource("1_hilj5")

[node name="CollisionShape3D" type="CollisionShape3D" parent="."]
transform = Transform3D(1, 0, 0, 0, 1, 0, 0, 0, 1, 0, 0.9, 0)
shape = SubResource("CapsuleShape3D_vk5g7")

[node name="Token" type="MeshInstance3D" parent="."]
mesh = SubResource("PlaneMesh_fj0w1")

[node name="ArrowRed" type="Node3D" parent="."]
transform = Transform3D(1, 0, 0, 0, 1, 0, 0, 0, 1, 0, 0.0558884, 0)

[node name="Pic" type="MeshInstance3D" parent="ArrowRed"]
transform = Transform3D(1, 0, 0, 0, 1, 0, 0, 0, 1, 0.213003, 0, 0.005)
mesh = SubResource("PlaneMesh_db5lx")
skeleton = NodePath("../..")

[node name="ArrowGreen" type="Node3D" parent="."]
transform = Transform3D(1, 0, 0, 0, 1, 0, 0, 0, 1, 0, 0.1, 0)

[node name="Pic" type="MeshInstance3D" parent="ArrowGreen"]
transform = Transform3D(1, 0, 0, 0, 1, 0, 0, 0, 1, 0.210225, 0, 0.004)
mesh = SubResource("PlaneMesh_dbvcs")
skeleton = NodePath("../..")
